<record><leader>00000cas a2200000 a 4500</leader><controlfield tag="001">18618271</controlfield><controlfield tag="008">881017d19121912waumr ner     0    0eng d</controlfield><datafield ind1=" " ind2=" " tag="010"><subfield code="a">sn 88087073 </subfield></datafield><datafield ind1=" " ind2=" " tag="040"><subfield code="a">SLZ</subfield><subfield code="b">eng</subfield><subfield code="c">SLZ</subfield><subfield code="d">DLC</subfield><subfield code="d">OCL</subfield><subfield code="d">OCLCQ</subfield><subfield code="d">OCLCF</subfield><subfield code="d">OCLCO</subfield></datafield><datafield ind1=" " ind2=" " tag="042"><subfield code="a">msc</subfield></datafield><datafield ind1=" " ind2=" " tag="043"><subfield code="a">n-us-wa</subfield></datafield><datafield ind1="0" ind2="0" tag="245"><subfield code="a">Eagle Harbor pilot.</subfield></datafield><datafield ind1=" " ind2=" " tag="260"><subfield code="a">Winslow, Wash. :</subfield><subfield code="b">G. Southwell Brett</subfield></datafield><datafield ind1=" " ind2=" " tag="300"><subfield code="a">v.</subfield></datafield><datafield ind1=" " ind2=" " tag="310"><subfield code="a">Monthly</subfield></datafield><datafield ind1="0" ind2=" " tag="362"><subfield code="a">Vol. 1, no. 1 (Jan. 1912)-</subfield></datafield><datafield ind1=" " ind2="0" tag="651"><subfield code="a">Bainbridge Island (Wash.)</subfield><subfield code="v">Newspapers.</subfield></datafield><datafield ind1=" " ind2="7" tag="655"><subfield code="a">Newspapers.</subfield><subfield code="2">fast</subfield><subfield code="0">(OCoLC)fst01423814</subfield></datafield><datafield ind1=" " ind2="7" tag="651"><subfield code="a">Washington (State)</subfield><subfield code="z">Bainbridge Island.</subfield><subfield code="2">fast</subfield><subfield code="0">(OCoLC)fst01278613</subfield></datafield><datafield ind1=" " ind2=" " tag="752"><subfield code="a">United States</subfield><subfield code="b">Washington</subfield><subfield code="c">Kitsap</subfield><subfield code="d">Winslow.</subfield></datafield><datafield ind1="0" ind2="0" tag="785"><subfield code="t">Bainbridge Island Gazette</subfield><subfield code="w">(DLC)sn 88085990</subfield></datafield></record>